<?xml version="1.0" encoding="UTF-8"?><collection xmlns="http://www.loc.gov/MARC21/slim"><record><leader>00753nam--2200205-u-4500</leader><controlfield tag="001">000050641</controlfield><controlfield tag="002">20161230</controlfield><controlfield tag="005">20161230201048</controlfield><controlfield tag="008">080226s1000------------r-----000-0-eng-d</controlfield><datafield ind1=" " ind2=" " tag="020"><subfield code="a">0306445840</subfield></datafield><datafield ind1=" " ind2=" " tag="040"><subfield code="a">IFIN-HH</subfield></datafield><datafield ind1=" " ind2=" " tag="080"><subfield code="a">512.54:530.145</subfield></datafield><datafield ind1="1" ind2=" " tag="100"><subfield code="a">Gruber, Bruno</subfield></datafield><datafield ind1="1" ind2="0" tag="245"><subfield code="a">Symmetries in Science VI. From the Rotation Group to Quantum Algebras</subfield><subfield code="b">Proccedings of a Symposium Entitled Symmetries in Science VI. From the Rotation Group to Quantum Algebras, held August 2-7, 1992, in Kloster Mehrerau, Bregenz, Vorarlberg, Austria</subfield><subfield code="c">Bruno Gruber (Ed.)</subfield></datafield><datafield ind1=" " ind2=" " tag="260"><subfield code="a">New York</subfield><subfield code="b">Plenum Press</subfield><subfield code="c">1993</subfield></datafield><datafield ind1=" " ind2=" " tag="300"><subfield code="a">770 p</subfield></datafield><datafield ind1=" " ind2=" " tag="504"><subfield code="a">Includes Index</subfield></datafield><datafield ind1=" " ind2="4" tag="650"><subfield code="a">Symmetries in Science</subfield></datafield><datafield ind1=" " ind2=" " tag="852"><subfield code="a">81903</subfield><subfield code="c">519.4/5</subfield></datafield><datafield ind1=" " ind2=" " tag="CAT"><subfield code="a">Sys</subfield><subfield code="c">20110314</subfield><subfield code="h">142206</subfield></datafield></record></collection>